<record><leader>00000cas a22000007a 4500</leader><controlfield tag="001">33431003</controlfield><controlfield tag="008">951107d18551855iaudn ne      0    0eng d</controlfield><datafield ind1=" " ind2=" " tag="010"><subfield code="a">sn 95063174 </subfield></datafield><datafield ind1=" " ind2=" " tag="040"><subfield code="a">CNW</subfield><subfield code="b">eng</subfield><subfield code="c">CNW</subfield><subfield code="d">OCL</subfield><subfield code="d">OCLCQ</subfield><subfield code="d">OCLCF</subfield><subfield code="d">OCLCO</subfield></datafield><datafield ind1=" " ind2=" " tag="042"><subfield code="a">msc</subfield></datafield><datafield ind1=" " ind2=" " tag="043"><subfield code="a">n-us-ia</subfield></datafield><datafield ind1="0" ind2="4" tag="245"><subfield code="a">The Nipantuck Keokuk daily.</subfield></datafield><datafield ind1="1" ind2="3" tag="246"><subfield code="a">Nipantuck</subfield></datafield><datafield ind1=" " ind2=" " tag="260"><subfield code="a">Keokuk, Iowa :</subfield><subfield code="b">D. Reddington</subfield></datafield><datafield ind1=" " ind2=" " tag="300"><subfield code="a">v.</subfield></datafield><datafield ind1=" " ind2=" " tag="310"><subfield code="a">Daily (except Mon.)</subfield></datafield><datafield ind1="0" ind2=" " tag="362"><subfield code="a">Vol. 1, no. 1 (Jan. 1, 1855)-v. 1, no. 48 (Feb. 25, 1855).</subfield></datafield><datafield ind1=" " ind2="0" tag="651"><subfield code="a">Keokuk (Iowa)</subfield><subfield code="v">Newspapers.</subfield></datafield><datafield ind1=" " ind2="7" tag="655"><subfield code="a">Newspapers.</subfield><subfield code="2">fast</subfield><subfield code="0">(OCoLC)fst01423814</subfield></datafield><datafield ind1=" " ind2="7" tag="651"><subfield code="a">Iowa</subfield><subfield code="z">Keokuk.</subfield><subfield code="2">fast</subfield><subfield code="0">(OCoLC)fst01206704</subfield></datafield><datafield ind1=" " ind2=" " tag="752"><subfield code="a">United States</subfield><subfield code="b">Iowa</subfield><subfield code="c">Lee</subfield><subfield code="d">Keokuk.</subfield></datafield><datafield ind1="0" ind2="0" tag="785"><subfield code="t">Morning glory (Keokuk, Iowa)</subfield><subfield code="w">(DLC)sn 86061020</subfield><subfield code="w">(OCoLC)13109960</subfield></datafield></record>